<record><leader>00000cas a2200000 a 4500</leader><controlfield tag="001">30832471</controlfield><controlfield tag="008">940726d19111981oruwr ne      0    0eng c</controlfield><datafield ind1=" " ind2=" " tag="010"><subfield code="a">sn 96088155 </subfield></datafield><datafield ind1=" " ind2=" " tag="040"><subfield code="a">ORY</subfield><subfield code="b">eng</subfield><subfield code="c">ORY</subfield><subfield code="d">OCN</subfield><subfield code="d">OCLCQ</subfield><subfield code="d">OCLCF</subfield><subfield code="d">OCLCO</subfield></datafield><datafield ind1="1" ind2=" " tag="029"><subfield code="a">AU@</subfield><subfield code="b">000025922484</subfield></datafield><datafield ind1=" " ind2=" " tag="042"><subfield code="a">pcc</subfield></datafield><datafield ind1=" " ind2=" " tag="043"><subfield code="a">n-us-or</subfield></datafield><datafield ind1="0" ind2="0" tag="245"><subfield code="a">Washington County news-times.</subfield></datafield><datafield ind1="3" ind2="0" tag="246"><subfield code="a">News Washington County times</subfield></datafield><datafield ind1="1" ind2="3" tag="246"><subfield code="a">News-times</subfield></datafield><datafield ind1="1" ind2="3" tag="246"><subfield code="a">Hatchet-news-times-press-express</subfield></datafield><datafield ind1=" " ind2=" " tag="260"><subfield code="a">Forest Grove, Or. :</subfield><subfield code="b">A.E. Scott,</subfield><subfield code="c">1911-1981.</subfield></datafield><datafield ind1=" " ind2=" " tag="300"><subfield code="a">v.</subfield></datafield><datafield ind1=" " ind2=" " tag="310"><subfield code="a">Weekly</subfield></datafield><datafield ind1="0" ind2=" " tag="362"><subfield code="a">Vol. 24, no. 36 (Mar. 9, 1911)-v. 93, no. 46 (Apr. 29, 1981).</subfield></datafield><datafield ind1=" " ind2=" " tag="530"><subfield code="a">Also issued on microfilm from University of Oregon.</subfield></datafield><datafield ind1=" " ind2="0" tag="651"><subfield code="a">Forest Grove (Or.)</subfield><subfield code="v">Newspapers.</subfield></datafield><datafield ind1=" " ind2="7" tag="655"><subfield code="a">Newspapers.</subfield><subfield code="2">fast</subfield><subfield code="0">(OCoLC)fst01423814</subfield></datafield><datafield ind1=" " ind2="7" tag="651"><subfield code="a">Oregon</subfield><subfield code="z">Forest Grove.</subfield><subfield code="2">fast</subfield><subfield code="0">(OCoLC)fst01210144</subfield></datafield><datafield ind1=" " ind2=" " tag="752"><subfield code="a">United States</subfield><subfield code="b">Oregon</subfield><subfield code="c">Washington</subfield><subfield code="d">Forest Grove.</subfield></datafield><datafield ind1="0" ind2="0" tag="780"><subfield code="t">Washington County news (Forest Grove, Or.)</subfield><subfield code="w">(DLC)sn 96088154</subfield></datafield><datafield ind1="0" ind2="5" tag="780"><subfield code="t">Forest Grove press</subfield><subfield code="w">(DLC)sn 96088157</subfield></datafield><datafield ind1="0" ind2="5" tag="780"><subfield code="t">Forest Grove express</subfield><subfield code="w">(DLC)sn 96088158</subfield></datafield><datafield ind1="0" ind2="0" tag="785"><subfield code="t">Forest Grove news-times</subfield><subfield code="w">(DLC)sn 96088156</subfield></datafield></record>